<record><leader>00000cas a22000007a 4500</leader><controlfield tag="001">52370915</controlfield><controlfield tag="008">030604d19931998orudn ne      0    0eng c</controlfield><datafield ind1=" " ind2=" " tag="010"><subfield code="a">  2003260220</subfield></datafield><datafield ind1=" " ind2=" " tag="040"><subfield code="a">ORU</subfield><subfield code="b">eng</subfield><subfield code="c">ORU</subfield><subfield code="d">OCLCF</subfield><subfield code="d">OCLCO</subfield></datafield><datafield ind1=" " ind2=" " tag="022"><subfield code="y">0747-3443</subfield></datafield><datafield ind1="1" ind2=" " tag="029"><subfield code="a">AU@</subfield><subfield code="b">000024713960</subfield></datafield><datafield ind1=" " ind2=" " tag="042"><subfield code="a">msc</subfield></datafield><datafield ind1=" " ind2=" " tag="043"><subfield code="a">n-us-or</subfield></datafield><datafield ind1="0" ind2=" " tag="130"><subfield code="a">Dalles daily chronicle (Dalles, Or. : 1993)</subfield></datafield><datafield ind1="0" ind2="4" tag="245"><subfield code="a">The Dalles daily chronicle.</subfield></datafield><datafield ind1="1" ind2="3" tag="246"><subfield code="a">Sunday chronicle</subfield></datafield><datafield ind1="1" ind2="7" tag="246"><subfield code="a">Dalles chronicle</subfield></datafield><datafield ind1=" " ind2=" " tag="260"><subfield code="a">The Dalles, Or. :</subfield><subfield code="b">H. Steininger,</subfield><subfield code="c">1993-1998.</subfield></datafield><datafield ind1=" " ind2=" " tag="300"><subfield code="a">6 v. :</subfield><subfield code="b">ill.</subfield></datafield><datafield ind1=" " ind2=" " tag="310"><subfield code="a">Daily (except Sat.)</subfield></datafield><datafield ind1="0" ind2=" " tag="362"><subfield code="a">Dec. 5, 1993-Jan. 2, 1998.</subfield></datafield><datafield ind1=" " ind2=" " tag="500"><subfield code="a">Sunday edition published as: Sunday chronicle.</subfield></datafield><datafield ind1=" " ind2=" " tag="530"><subfield code="a">Also available on microfilm from University of Oregon.</subfield></datafield><datafield ind1=" " ind2="0" tag="651"><subfield code="a">Dalles (Or.)</subfield><subfield code="v">Newspapers.</subfield></datafield><datafield ind1=" " ind2="7" tag="655"><subfield code="a">Newspapers.</subfield><subfield code="2">fast</subfield><subfield code="0">(OCoLC)fst01423814</subfield></datafield><datafield ind1=" " ind2="7" tag="651"><subfield code="a">Oregon</subfield><subfield code="z">Dalles.</subfield><subfield code="2">fast</subfield><subfield code="0">(OCoLC)fst01218827</subfield></datafield><datafield ind1=" " ind2=" " tag="752"><subfield code="a">United States</subfield><subfield code="b">Oregon</subfield><subfield code="c">Wasco</subfield><subfield code="d">Dalles.</subfield></datafield><datafield ind1="0" ind2="0" tag="780"><subfield code="t">Dalles chronicle</subfield><subfield code="w">(DLC)sn 84007388</subfield><subfield code="w">(OCoLC)10767022</subfield></datafield><datafield ind1="0" ind2="0" tag="785"><subfield code="t">Dalles chronicle (Dalles, Or. : 1998)</subfield><subfield code="w">(DLC)  2003260221</subfield><subfield code="w">(OCoLC)52370912</subfield></datafield></record>